<record><leader>00000cas a2200000 a 4500</leader><controlfield tag="001">10313543</controlfield><controlfield tag="007">hd afv---baca</controlfield><controlfield tag="008">840118d18281835nyuwr nea     0    0eng d</controlfield><datafield ind1=" " ind2=" " tag="010"><subfield code="a">sf 89092204 </subfield></datafield><datafield ind1=" " ind2=" " tag="040"><subfield code="a">PES</subfield><subfield code="b">eng</subfield><subfield code="c">PES</subfield><subfield code="d">DLC</subfield><subfield code="d">NST</subfield><subfield code="d">FUG</subfield><subfield code="d">OCL</subfield><subfield code="d">OCLCQ</subfield><subfield code="d">BUF</subfield><subfield code="d">IUL</subfield><subfield code="d">DLC</subfield><subfield code="d">OCLCF</subfield><subfield code="d">OCLCO</subfield><subfield code="d">OCLCQ</subfield></datafield><datafield ind1=" " ind2=" " tag="012"><subfield code="i">9209</subfield></datafield><datafield ind1=" " ind2=" " tag="042"><subfield code="a">msc</subfield></datafield><datafield ind1=" " ind2=" " tag="043"><subfield code="a">n-us-ny</subfield></datafield><datafield ind1="0" ind2="0" tag="050"><subfield code="a">Microfilm 01104 no. 1498-1499 AP</subfield></datafield><datafield ind1="1" ind2="4" tag="050"><subfield code="a">AP2</subfield><subfield code="b">.A64</subfield></datafield><datafield ind1="0" ind2="4" tag="082"><subfield code="a">051</subfield><subfield code="b">A51p2</subfield></datafield><datafield ind1="0" ind2=" " tag="130"><subfield code="a">Free enquirer (New York, N.Y.)</subfield></datafield><datafield ind1="1" ind2="4" tag="245"><subfield code="a">The free enquirer.</subfield></datafield><datafield ind1=" " ind2=" " tag="260"><subfield code="a">[New York] :</subfield><subfield code="b">[Office of the Free Enquirer],</subfield><subfield code="c">1828-1835.</subfield></datafield><datafield ind1=" " ind2=" " tag="300"><subfield code="a">volumes ;</subfield><subfield code="c">29 cm</subfield></datafield><datafield ind1=" " ind2=" " tag="310"><subfield code="a">Weekly</subfield></datafield><datafield ind1=" " ind2=" " tag="336"><subfield code="a">text</subfield><subfield code="b">txt</subfield><subfield code="2">rdacontent</subfield></datafield><datafield ind1=" " ind2=" " tag="337"><subfield code="a">microform</subfield><subfield code="b">h</subfield><subfield code="2">rdamedia</subfield></datafield><datafield ind1=" " ind2=" " tag="338"><subfield code="a">microfilm reel</subfield><subfield code="b">hd</subfield><subfield code="2">rdacarrier</subfield></datafield><datafield ind1="0" ind2=" " tag="362"><subfield code="a">2nd ser., v. 1, no. 1 (Oct. 29, 1828)-v. 5 (Oct. 19, 1833); 3rd ser., v. 1 (Oct. 27, 1833)-v. 2 (June 28, 1835).</subfield></datafield><datafield ind1=" " ind2=" " tag="500"><subfield code="a">Title from caption.</subfield></datafield><datafield ind1=" " ind2=" " tag="500"><subfield code="a">The New-Harmony Gazette was created to interpret the experimental socialistic community established at New-Harmony, Indiana by the Welsh manufacturer and philanthropist, Robert Owen. Edited chiefly by Robert L. Jennings, Frances Wright, and two of Robert Owen's sons, this eight-page weekly was devoted to the exposition of Robert Owen's theories on the social system, to articles on social and religious topics by other members of the Community, and to a record of the progress of the experiment and the life at New-Harmony, and is an excellent source for study of this trial of communistic theory. By fall of 1828, the Community had disintegrated and in October a new series of the paper was begun. Its new title, the New-Harmony and Nashoba Gazette, or the Free Enquirer, reflected a new interest-an educational experiment with freed Negroes on a tract in western Tennessee called Nashoba. The new paper, a.</subfield></datafield><datafield ind1=" " ind2=" " tag="500"><subfield code="a">(Cont.) socialist and agnostic journal, was somewhat broader in scope than its predecessor. Soon the Nashoba experiment failed also and early in 1829 Miss Wright and Robert Dale Owen took the periodical to New York, where it was conducted for six years. The editors were the chief contributors. Controversy was its main forte; it discussed religion, politics, sociology, and education, and advocated feminism, socialism, agnosticism, and other "isms." The advocacy of these doctrines, generally disapproved of by the American public, probably accounts for its failure to achieve success. Cf. American periodicals, 1741-1900.</subfield></datafield><datafield ind1=" " ind2=" " tag="500"><subfield code="a">Imprint varies: 2nd ser., v. 1, 3 published in New York at the office of the Free enquirer; 2nd ser., v. 2 in New York by Wright &amp; Owen; 2nd ser., v. 4 in New York printed by B.H. Day; 2nd ser., v. 5- in New York by L.W. Jacobus.</subfield></datafield><datafield ind1=" " ind2=" " tag="515"><subfield code="a">2nd ser., v. 1, no. 1- called also whole series, v. 4, no. 157-</subfield></datafield><datafield ind1=" " ind2=" " tag="533"><subfield code="a">Microfilm.</subfield><subfield code="b">Ann Arbor, Mich. :</subfield><subfield code="c">Xerox University Microfilms,</subfield><subfield code="d">1975.</subfield><subfield code="e">2 microfilm reels ; 35 mm.</subfield><subfield code="f">(American periodical series, 1800-1850 ; 1498-1499).</subfield></datafield><datafield ind1=" " ind2="0" tag="651"><subfield code="a">New York (N.Y.)</subfield><subfield code="v">Newspapers.</subfield></datafield><datafield ind1=" " ind2="0" tag="651"><subfield code="a">New York County (N.Y.)</subfield><subfield code="v">Newspapers.</subfield></datafield><datafield ind1=" " ind2="7" tag="651"><subfield code="a">New York (State)</subfield><subfield code="z">New York.</subfield><subfield code="2">fast</subfield><subfield code="0">(OCoLC)fst01204333</subfield></datafield><datafield ind1=" " ind2="7" tag="651"><subfield code="a">New York (State)</subfield><subfield code="z">New York County.</subfield><subfield code="2">fast</subfield><subfield code="0">(OCoLC)fst01234953</subfield></datafield><datafield ind1=" " ind2="7" tag="655"><subfield code="a">Newspapers.</subfield><subfield code="2">fast</subfield><subfield code="0">(OCoLC)fst01423814</subfield></datafield><datafield ind1=" " ind2=" " tag="752"><subfield code="a">United States</subfield><subfield code="b">New York</subfield><subfield code="c">New York</subfield><subfield code="d">New York.</subfield></datafield><datafield ind1="1" ind2=" " tag="776"><subfield code="c">Original</subfield><subfield code="t">Free enquirer (New York, N.Y.)</subfield><subfield code="x">2160-9012</subfield><subfield code="w">(DLC)sn 86059055</subfield><subfield code="w">(OCoLC)9900650</subfield></datafield><datafield ind1="0" ind2="0" tag="780"><subfield code="t">New-Harmony gazette</subfield><subfield code="w">(DLC)sf 89092205</subfield><subfield code="w">(OCoLC)10313357</subfield></datafield><datafield ind1=" " ind2="0" tag="830"><subfield code="a">American periodical series, 1800-1850 ;</subfield><subfield code="v">1498-1499.</subfield></datafield><datafield ind1=" " ind2=" " tag="850"><subfield code="a">FU</subfield><subfield code="a">NcD</subfield></datafield><datafield ind1="1" ind2=" " tag="029"><subfield code="a">NZ1</subfield><subfield code="b">3861001</subfield></datafield></record>